<?xml version="1.0" encoding="UTF-8"?>
<record xmlns="http://www.loc.gov/MARC21/slim">
  <leader>03186ntm a22003977a 4500</leader>
  <controlfield tag="001">3443115</controlfield>
  <controlfield tag="005">20091028232900.0</controlfield>
  <controlfield tag="008">090115s1861    xx            000 i eng d</controlfield>
  <datafield tag="033" ind1="0" ind2="0">
    <subfield code="a">18610806</subfield>
  </datafield>
  <datafield tag="035" ind1=" " ind2=" ">
    <subfield code="a">3443115</subfield>
  </datafield>
  <datafield tag="040" ind1=" " ind2=" ">
    <subfield code="a">BRL</subfield>
  </datafield>
  <datafield tag="099" ind1=" " ind2=" ">
    <subfield code="a">Ms.A.9.2 v.30, p.74</subfield>
  </datafield>
  <datafield tag="100" ind1="1" ind2=" ">
    <subfield code="a">Chapman, Maria Weston,</subfield>
    <subfield code="d">1806-1885.</subfield>
  </datafield>
  <datafield tag="245" ind1="1" ind2="0">
    <subfield code="a">[Letter to] Dear Lizzy</subfield>
    <subfield code="h">[manuscript].</subfield>
  </datafield>
  <datafield tag="260" ind1=" " ind2=" ">
    <subfield code="a">Weymouth, [Mass.],</subfield>
    <subfield code="c">August 6, 1861.</subfield>
  </datafield>
  <datafield tag="300" ind1=" " ind2=" ">
    <subfield code="a">2 leaves (7 p.) ;</subfield>
    <subfield code="c">8 1/8 x 5 1/4 in.</subfield>
  </datafield>
  <datafield tag="500" ind1=" " ind2=" ">
    <subfield code="a">Holograph, signed with initials.</subfield>
  </datafield>
  <datafield tag="500" ind1=" " ind2=" ">
    <subfield code="a">Maria Weston Chapman writes that &quot;we are a distressed household,&quot; waiting for news from Rome, since hearing from Mr. Joshua Bates that Emma had been summoned by telegraph because Lucia was expected to live but a few days. Rosamond, Helen, and Wazzy (children of R. Warren Weston) are here with their mother. Deacon Moses just died. Chapman says: &quot;The war goes on &amp; probably will go on as the disaster at Bull Run did but add fuel to the flame. People now rush to centers of enlistment, &amp; insist on being enregimente, &amp; everybody declares that the United States are the better for being beaten, if beaten they were.&quot; Chapman goes on to say that Wendell Phillips is &quot;more &amp; more eloquent, &amp; less &amp; less practically sensible, as it seems to me, &amp; more a hunter of popularity. But matters are now safe from the shortcomings of overreachings of Abolitionists. ...for the bulk of the people have taken it in charge.&quot; Chapman writes: &quot;All the pro-slavery newspapers are dying off like flies.&quot; Henry Cowing was not hurt at the battle of Bull Run, but is missing and believed to be a prisoner at Manassas Junction. Mr. [John] Jay delivered a 4th of July oration on &quot;the great conspiracy &amp; England&apos;s neutrality.&quot; He does not, however, accuse England of seeking to break up the United States, as Wendell Phillips does. Chapman criticizes Wendell&apos;s policy as silly. Dr. [Amos] Farnsworth died at age 72 years. Chapman discusses the financial need of the A.S. Society (American Anti-Slavery Society). She dwells on the difference between the present time from the past. She contrasts the attitudes of Wendell Phillips and Pillsbury with William Lloyd Garrison. The pressure from without is removed. Chapman concludes: &quot;In fact the cause is won.&quot;</subfield>
  </datafield>
  <datafield tag="600" ind1="1" ind2="0">
    <subfield code="a">Chapman, Maria Weston,</subfield>
    <subfield code="d">1806-1885</subfield>
    <subfield code="v">Correspondence.</subfield>
  </datafield>
  <datafield tag="600" ind1="1" ind2="0">
    <subfield code="a">Laugel, Elizabeth Bates Chapman,</subfield>
    <subfield code="d">b. 1831</subfield>
    <subfield code="v">Correspondence.</subfield>
  </datafield>
  <datafield tag="600" ind1="1" ind2="0">
    <subfield code="a">Cowing, Henry.</subfield>
  </datafield>
  <datafield tag="600" ind1="1" ind2="0">
    <subfield code="a">Farnsworth, Amos,</subfield>
    <subfield code="d">1788-1861.</subfield>
  </datafield>
  <datafield tag="600" ind1="1" ind2="0">
    <subfield code="a">Garrison, William Lloyd,</subfield>
    <subfield code="d">1805-1879.</subfield>
  </datafield>
  <datafield tag="600" ind1="1" ind2="0">
    <subfield code="a">Jay, John,</subfield>
    <subfield code="d">1817-1894.</subfield>
  </datafield>
  <datafield tag="600" ind1="1" ind2="0">
    <subfield code="a">Phillips, Wendell,</subfield>
    <subfield code="d">1811-1884.</subfield>
  </datafield>
  <datafield tag="600" ind1="1" ind2="0">
    <subfield code="a">Weston, Lucia,</subfield>
    <subfield code="d">1822-1861.</subfield>
  </datafield>
  <datafield tag="610" ind1="2" ind2="0">
    <subfield code="a">American Anti-Slavery Society.</subfield>
  </datafield>
  <datafield tag="650" ind1=" " ind2="0">
    <subfield code="a">Antislavery movements</subfield>
    <subfield code="z">United States</subfield>
    <subfield code="x">History</subfield>
    <subfield code="y">19th century.</subfield>
  </datafield>
  <datafield tag="650" ind1=" " ind2="0">
    <subfield code="a">Women abolitionists</subfield>
    <subfield code="z">Massachusetts</subfield>
    <subfield code="z">Boston</subfield>
    <subfield code="y">19th century</subfield>
    <subfield code="v">Correspondence.</subfield>
  </datafield>
  <datafield tag="651" ind1=" " ind2="0">
    <subfield code="a">Great Britain</subfield>
    <subfield code="x">History</subfield>
    <subfield code="y">19th century.</subfield>
  </datafield>
  <datafield tag="651" ind1=" " ind2="0">
    <subfield code="a">United States</subfield>
    <subfield code="x">History</subfield>
    <subfield code="y">Civil War, 1861-1865.</subfield>
  </datafield>
  <datafield tag="655" ind1=" " ind2="0">
    <subfield code="a">Letters.</subfield>
  </datafield>
  <datafield tag="655" ind1=" " ind2="0">
    <subfield code="a">Manuscripts.</subfield>
  </datafield>
  <datafield tag="700" ind1="1" ind2=" ">
    <subfield code="a">Laugel, Elizabeth Bates Chapman,</subfield>
    <subfield code="d">b. 1831,</subfield>
    <subfield code="e">recipient.</subfield>
  </datafield>
  <datafield tag="830" ind1=" " ind2="0">
    <subfield code="a">Maria Weston Chapman Correspondence (1835-1885)</subfield>
  </datafield>
  <datafield tag="999" ind1=" " ind2=" ">
    <subfield code="a">shots: 8</subfield>
  </datafield>
</record>
